@misc{FL:07,
  author       = {{\relax Prof} Gianandrea Vittorio Messa and {\relax Dr} Giacomo Ferrarese},
  howpublished = {Lab Guide, Fluid Labs},
  title        = {Test Case 3: Analysis of the hydrodynamic forces acting on a cylinder in steady free surface flow},
  year         = {2021}
}