@misc{FL:06,
  author       = {{\relax Prof} Gianandrea Vittorio Messa and {\relax Dr} Giacomo Ferrarese},
  howpublished = {Lab Guide, Fluid Labs},
  title        = {Test Case 4: Flow around a circular cylinder in the sub-critical regime},
  year         = {2021}
}