@misc{FL:04,
  author       = {{\relax Prof} Gianandrea Vittorio Messa and {\relax Dr} Giacomo Ferrarese},
  howpublished = {Lab Guide, Fluid Labs},
  title        = {Test Case 3: Development of boundary layer over a flat plate},
  year         = {2021}
}