@misc{FL:05,
  author       = {{\relax Prof} Gianandrea Vittorio Messa and {\relax Dr} Giacomo Ferrarese},
  howpublished = {Lab Guide, Fluid Labs},
  title        = {Test Case 2: Analysis of the velocity field in the wake of a circular cylinder},
  year         = {2021}
}