@article{raju2018bearing,
  title={Bearing life evaluation of wheel hub ball bearing based on finite element analysis},
  author={Raju, DV and Dixit, Pravin and Rathore, Nitin and Lakshmikant, Pala and Bubai, Rudra and Verma, Rahul},
  journal={Journal of Tribology},
  volume={140},
  number={5},
  year={2018},
  publisher={American Society of Mechanical Engineers Digital Collection}
}

@article{xiong2019study,
  title={Study on the forming process and deformation behavior of inner ring in the wheel hub bearing based on riveting assembly},
  author={Xiong, Wei and Wang, You and Li, Xiao-Ping and Mei, Song and Tian, Zhu-Xin},
  journal={Materials},
  volume={12},
  number={22},
  pages={3785},
  year={2019},
  publisher={MDPI}
}

@inproceedings{niu2014life,
  title={Life Estimation of Hub Bearing Unit Based on Test Load Spectrum},
  author={Niu, Rong Jun and Niu, Chen and Dai, Xiao Juan},
  booktitle={Applied Mechanics and Materials},
  volume={457},
  pages={443--446},
  year={2014},
  organization={Trans Tech Publ}
}

@article{zhao2021service,
  title={Service life prediction method for wheel-hub-bearing under random multi-axial wheel loading},
  author={Zhao, Li-Hui and Li, Qi-Chen and Feng, Jin-Zhi and Zheng, Song-Lin},
  journal={Engineering Failure Analysis},
  volume={122},
  pages={105211},
  year={2021},
  publisher={Elsevier}
}

@article{tang2019fault,
  title={A fault-signal-based generalizing remaining useful life prognostics method for wheel hub bearings},
  author={Tang, Shixi and Gu, Jinan and Tang, Keming and Zou, Rong and Sun, Xiaohong and Uddin, Saad},
  journal={Applied Sciences},
  volume={9},
  number={6},
  pages={1080},
  year={2019},
  publisher={MDPI}
}

@inproceedings{xue2022fault,
  title={Fault Feature Extraction of Automobile Wheel Hub Bearing Based on RSK and RSSD},
  author={Xue, HT and Zhang, ZM and Wu, M},
  booktitle={Journal of Physics: Conference Series},
  volume={2184},
  number={1},
  pages={012021},
  year={2022},
  organization={IOP Publishing}
}

@article{rubio2012experimental,
  title={Experimental characterization of mechanical vibrations and acoustical noise generated by defective automotive wheel hub bearings},
  author={Rubio, Eduardo and J{\'a}uregui, Juan C},
  journal={Procedia Engineering},
  volume={35},
  pages={176--181},
  year={2012},
  publisher={Elsevier}
}