@ARTICLE{Goncalves,
    author={Mauroy, Alexandre and Goncalves, Jorge},
    journal={IEEE Transactions on Automatic Control},
    title={Koopman-Based Lifting Techniques for Nonlinear Systems Identification},
    year={2020},
    volume={65},
    number={6},
    pages={2550-2565},
    doi={10.1109/TAC.2019.2941433}
}

@article{Koopman_Basics,
    title={Ergodic theory, dynamic mode decomposition, and computation of spectral properties of the Koopman operator},
    author={Arbabi, Hassan and Mezic, Igor},
    journal={SIAM Journal on Applied Dynamical Systems},
    volume={16},
    number={4},
    pages={2096--2126},
    year={2017},
    publisher={SIAM}
}